<?xml version="1.0" encoding="UTF-8"?><collection xmlns="http://www.loc.gov/MARC21/slim"><record><leader>00407nam--2200133-i-4500</leader><controlfield tag="001">000025870</controlfield><controlfield tag="002">20161230</controlfield><controlfield tag="005">20161230201036</controlfield><controlfield tag="008">060222s1000------------r-----000-0-eng-d</controlfield><datafield ind1=" " ind2=" " tag="080"><subfield code="a">538.97(043)</subfield></datafield><datafield ind1=" " ind2=" " tag="100"><subfield code="a">Kalafi Chotorbani, Manutcher</subfield></datafield><datafield ind1=" " ind2=" " tag="245"><subfield code="a">Contribution au calcul des energies de liaison des atomes metalliques adsorbes. these</subfield></datafield><datafield ind1=" " ind2=" " tag="260"><subfield code="a">Lyon, L`Universite Claude Bernard, 1972, 89p</subfield></datafield><datafield ind1=" " ind2=" " tag="852"><subfield code="a">77133</subfield></datafield></record></collection>